% doi significa Digital Object Identifier, Ã¨ un identificatore univoco per ogni articolo, libro, documento, ecc.

@article{mu2025moe_survey,
	title={A Comprehensive Survey of Mixture-of-Experts: Algorithms, Theory, and Applications},
	author={Mu, Siyuan and Lin, Sen},
	journal={arXiv:2503.07137},
	year={2025},
	doi={10.48550/arXiv.2503.07137},
	note={Version 3, last revised 18 Apr 2025}
}

@misc{ibm_moe,
  author = {Dave Bergmann},
	title = {What is mixture of experts?},
	howpublished = {\url{https://www.ibm.com/think/topics/mixture-of-experts}},
	note = {Accessed: 2025-06-01}
}

@misc{mistral_moe,
  author = {Mistral AI team},
	title = {Mixtral of experts: A high quality Sparse Mixture-of-Experts},
	howpublished = {\url{https://mistral.ai/news/mixtral-of-experts}},
	note = {Accessed: 2025-06-01}
}

%%%%%%%%%% Esempi %%%%%%%%%%
@article{esempio_articolo,
	title={A multi-layered, time-based music description approach based on XML},
	author={Haus, Goffredo and Longari, Maurizio},
	journal={Computer Music Journal},
	volume={29},
	number={1},
	pages={70--85},
	year={2005},
	publisher={MIT Press}
}

@book{esempio_libro,
  title = {Research methods in {Human-Computer Interaction}},
  author = {Jonathan Lazar and Jijuan Heidi Feng and Harry Hochheiser},
  publisher = {Morgan Kaufmann},
  year = {2017},
  edition = {Second},
  address = {Cambridge}
}

@misc{esempio_sito,
  author = {W. H\"am\"al\"ainen},
	title = {Scientific Writing for Computer Science Students},
	howpublished = {\url{http://www.cs.joensuu.fi/\~whamalai/teaching.html}},
	note = {Accessed: 2019-04-10}
}

